<record><leader>00000cas a2200000La 4500</leader><controlfield tag="001">173714173</controlfield><controlfield tag="007">hd afb---buuu</controlfield><controlfield tag="008">860506d18uu1955pauwr nea     0    0eng  </controlfield><datafield ind1=" " ind2=" " tag="010"><subfield code="a">sn 86071453 </subfield></datafield><datafield ind1=" " ind2=" " tag="040"><subfield code="a">DLC</subfield><subfield code="b">eng</subfield><subfield code="c">UBY</subfield><subfield code="d">OCLCQ</subfield><subfield code="d">OCLCF</subfield><subfield code="d">OCLCO</subfield></datafield><datafield ind1="0" ind2=" " tag="041"><subfield code="a">engger</subfield></datafield><datafield ind1=" " ind2=" " tag="043"><subfield code="a">n-us-pa</subfield></datafield><datafield ind1="0" ind2="4" tag="245"><subfield code="a">The Kutztown patriot</subfield><subfield code="h">[microform].</subfield></datafield><datafield ind1=" " ind2=" " tag="260"><subfield code="a">Kutztown, Pa. :</subfield><subfield code="b">J.B. Esser,</subfield><subfield code="c">-1955.</subfield></datafield><datafield ind1=" " ind2=" " tag="300"><subfield code="a">v. :</subfield><subfield code="b">ill. ;</subfield><subfield code="c">58 cm.</subfield></datafield><datafield ind1=" " ind2=" " tag="310"><subfield code="a">Weekly</subfield></datafield><datafield ind1="0" ind2=" " tag="362"><subfield code="a">-v. 81, no. 24 (Oct. 13, 1955).</subfield></datafield><datafield ind1=" " ind2=" " tag="546"><subfield code="a">Sometimes published in English and German.</subfield></datafield><datafield ind1=" " ind2=" " tag="588"><subfield code="a">Description based on: Vol. 15, no. 764 (Jan. 5, 1889).</subfield></datafield><datafield ind1=" " ind2=" " tag="533"><subfield code="a">Microfilm.</subfield><subfield code="b">[s.n.] :</subfield><subfield code="c">[s.n.].</subfield><subfield code="e">microfilm reels ; 35 mm.</subfield></datafield><datafield ind1=" " ind2="0" tag="651"><subfield code="a">Kutztown (Pa.)</subfield><subfield code="v">Newspapers.</subfield></datafield><datafield ind1=" " ind2="0" tag="651"><subfield code="a">Berks County (Pa.)</subfield><subfield code="v">Newspapers.</subfield></datafield><datafield ind1=" " ind2="4" tag="655"><subfield code="a">Newspapers.</subfield></datafield><datafield ind1=" " ind2="7" tag="655"><subfield code="a">Newspapers.</subfield><subfield code="2">fast</subfield><subfield code="0">(OCoLC)fst01423814</subfield></datafield><datafield ind1=" " ind2="7" tag="651"><subfield code="a">Pennsylvania</subfield><subfield code="z">Berks County.</subfield><subfield code="2">fast</subfield><subfield code="0">(OCoLC)fst01209226</subfield></datafield><datafield ind1=" " ind2="7" tag="651"><subfield code="a">Pennsylvania</subfield><subfield code="z">Kutztown.</subfield><subfield code="2">fast</subfield><subfield code="0">(OCoLC)fst01210657</subfield></datafield><datafield ind1=" " ind2=" " tag="752"><subfield code="a">United States</subfield><subfield code="b">Pennsylvania</subfield><subfield code="c">Berks County.</subfield></datafield><datafield ind1=" " ind2=" " tag="752"><subfield code="a">United States</subfield><subfield code="b">Pennsylvania</subfield><subfield code="d">Kutztown.</subfield></datafield><datafield ind1="0" ind2="0" tag="780"><subfield code="t">American weekly patriot</subfield><subfield code="w">(DLC)sn 86053545</subfield></datafield><datafield ind1="0" ind2="0" tag="785"><subfield code="t">Patriot (Kutztown, Pa.)</subfield><subfield code="w">(DLC)sn 88079587</subfield></datafield></record>